@article{lu2000deformation,
  title={Deformation measurements by digital image correlation: implementation of a second-order displacement gradient},
  author={Lu, H and Cary, PD},
  journal={Experimental mechanics},
  volume={40},
  number={4},
  pages={393--400},
  year={2000},
  publisher={Springer}
}
@inproceedings{lewis1995fast,
  title={Fast template matching},
  author={Lewis, John P},
  booktitle={Vision interface},
  volume={95},
  number={120123},
  pages={15--19},
  year={1995}
}
@article{tong2005evaluation,
  title={An evaluation of digital image correlation criteria for strain mapping applications},
  author={Tong, Wei},
  journal={Strain},
  volume={41},
  number={4},
  pages={167--175},
  year={2005},
  publisher={Wiley Online Library}
}

@book{holm2011geometric,
  title={Geometric mechanics: Part I: Dynamics and symmetry},
  author={Holm, Darryl D},
  year={2011},
  publisher={World Scientific Publishing Company}
}

@article{dalziel2000whole,
  title={Whole-field density measurements by ‘synthetic schlieren’},
  author={Dalziel, SB and Hughes, Graham O and Sutherland, Bruce R},
  journal={Experiments in fluids},
  volume={28},
  number={4},
  pages={322--335},
  year={2000},
  publisher={Springer}
}

@article{weyl1954analysis,
  title={Analysis of optical methods},
  author={Weyl, FJ},
  journal={Physical measurements in gas dynamics and combustion. Princeton University Press, Princeton, New Jersey},
  pages={3--25},
  year={1954}
}

@article{southwell1982ray,
  title={Ray tracing in gradient-index media},
  author={Southwell, WH},
  journal={JOSA},
  volume={72},
  number={7},
  pages={908--911},
  year={1982},
  publisher={Optical Society of America}
}

@article{nemoto1992measurement,
	title={Measurement of the refractive index of liquid using laser beam displacement},
	author={Nemoto, Shojiro},
	journal={Applied optics},
	volume={31},
	number={31},
	pages={6690--6694},
	year={1992},
	publisher={Optical Society of America}
}

@ARTICLE(thevenaz2000interpolation,
AUTHOR="Th{\'{e}}venaz, P. and Blu, T. and Unser, M.",
TITLE="Interpolation Revisited",
JOURNAL="{IEEE} Transactions on Medical Imaging",
YEAR="2000",
volume="19",
number="7",
pages="739--758",
month="July",
note="")

@article{unser1999splines,
  title={Splines: A perfect fit for signal and image processing},
  author={Unser, Michael},
  journal={IEEE Signal processing magazine},
  volume={16},
  number={6},
  pages={22--38},
  year={1999},
  publisher={IEEE}
}

@article{thevenaz2000image,
  title={Image interpolation and resampling},
  author={Th{\'e}venaz, Philippe and Blu, Thierry and Unser, Michael},
  journal={Handbook of medical imaging, processing and analysis},
  volume={1},
  number={1},
  pages={393--420},
  year={2000},
  publisher={Citeseer}
}

@book{sutton2009image,
  title={Image correlation for shape, motion and deformation measurements: basic concepts, theory and applications},
  author={Sutton, Michael A and Orteu, Jean Jose and Schreier, Hubert},
  year={2009},
  publisher={Springer Science \& Business Media}
}

@article{pan2012incremental,
  title={Incremental calculation for large deformation measurement using reliability-guided digital image correlation},
  author={Pan, Bing and Dafang, Wu and Yong, Xia},
  journal={Optics and Lasers in Engineering},	
  volume={50},
  number={4},
  pages={586--592},
  year={2012},
  publisher={Elsevier}
}

@article{lewis1995industrial,
  title={Industrial Light \& Magic},
  author={Lewis, JP},
  journal={Fast normalized cross-correlation},
  volume={2011},
  year={1995}
}

@article{opencv_library,
    author = {Bradski, G.},
    citeulike-article-id = {2236121},
    journal = {Dr. Dobb's Journal of Software Tools},
    keywords = {bibtex-import},
    posted-at = {2008-01-15 19:21:54},
    priority = {4},
    title = {{The OpenCV Library}},
    year = {2000}
}
@article{maas1997observation,
  title={Observation of an internal wave attractor in a confined, stably stratified fluid},
  author={Maas, Leo RM and Benielli, Dominique and Sommeria, Joel and Lam, Frans-Peter A},
  journal={Nature},
  volume={388},
  number={6642},
  pages={557--561},
  year={1997},
  publisher={Nature Publishing Group}
}

@article{zhou2012propagation,
  title={Propagation function for accurate initialization and efficiency enhancement of digital image correlation},
  author={Zhou, Yihao and Chen, Yan Qiu},
  journal={Optics and Lasers in Engineering},
  volume={50},
  number={12},
  pages={1789--1797},
  year={2012},
  publisher={Elsevier}
}

@article{tan2015dependence,
  title={Dependence of refractive index on concentration and temperature in electrolyte solution, polar solution, nonpolar solution, and protein solution},
  author={Tan, Chan-Yuan and Huang, Yao-Xiong},
  journal={Journal of Chemical \& Engineering Data},
  volume={60},
  number={10},
  pages={2827--2833},
  year={2015},
  publisher={ACS Publications}
}

@book{lorentz1916theory,
  title={The Theory of Electrons and Its Applications to the Phenomena of Light and Radiant Heart: A Course of Lectures Delivered in Columbia University, New York in March and April, 1906},
  author={Lorentz, Hendrik Antoon},
  volume={29},
  year={1916},
  publisher={Teubner}
}

@article{raffel2015background,
  title={Background-oriented schlieren (BOS) techniques},
  author={Raffel, Markus},
  journal={Experiments in Fluids},
  volume={56},
  number={3},
  pages={60},
  year={2015},
  publisher={Springer}
}

@article{meier2002computerized,
  title={Computerized background-oriented schlieren},
  author={Meier, GEA},
  journal={Experiments in fluids},
  volume={33},
  number={1},
  pages={181--187},
  year={2002},
  publisher={Springer}
}

@article{verso2015background,
  title={Background oriented schlieren in a density stratified fluid},
  author={Verso, Lilly and Liberzon, Alex},
  journal={Review of Scientific Instruments},
  volume={86},
  number={10},
  pages={103705},
  year={2015},
  publisher={AIP Publishing LLC}
}

@article{venkatakrishnan2004density,
  title={Density measurements using the background oriented schlieren technique},
  author={Venkatakrishnan, L and Meier, GEA},
  journal={Experiments in Fluids},
  volume={37},
  number={2},
  pages={237--247},
  year={2004},
  publisher={Springer}
}

@book{born2013principles,
  title={Principles of optics: electromagnetic theory of propagation, interference and diffraction of light},
  author={Born, Max and Wolf, Emil},
  year={2013},
  publisher={Elsevier}
}

@article{chen2009quality,
  title={A quality-guided displacement tracking algorithm for ultrasonic elasticity imaging},
  author={Chen, Lujie and Treece, Graham M and Lindop, Joel E and Gee, Andrew H and Prager, Richard W},
  journal={Medical image analysis},
  volume={13},
  number={2},
  pages={286--296},
  year={2009},
  publisher={Elsevier}
}

@article{tian2018accuracy,
  title={Accuracy enhancement of a video extensometer by real-time error compensation},
  author={Tian, Long and Yu, Liping and Pan, Bing},
  journal={Optics and Lasers in Engineering},
  volume={110},
  pages={272--278},
  year={2018},
  publisher={Elsevier}
}

@book{haynes2014crc,
  title={CRC handbook of chemistry and physics},
  author={Haynes, William M},
  year={2014},
  publisher={CRC press}
}

@article{pan2013high,
  title={High-accuracy 2D digital image correlation measurements using low-cost imaging lenses: implementation of a generalized compensation method},
  author={Pan, Bing and Yu, Liping and Wu, Dafang},
  journal={Measurement Science and Technology},
  volume={25},
  number={2},
  pages={025001},
  year={2013},
  publisher={IOP Publishing}
}

@article{hazewinkel2011comparison,
  title={Comparison of laboratory and numerically observed scalar fields of an internal wave attractor},
  author={Hazewinkel, Jeroen and Grisouard, Nicolas and Dalziel, Stuart B},
  journal={European Journal of Mechanics-B/Fluids},
  volume={30},
  number={1},
  pages={51--56},
  year={2011},
  publisher={Elsevier}
}

@article{fletcher1971modified,
  title={A modified Marquardt subroutine for non-linear least squares},
  author={Fletcher, Roger},
  year={1971},
  publisher={Theoretical Physics Division, Atomic Energy Research Establishment}
}

